 @mastersthesis{laurie,
  title={Mod{\'e}lisation du systeme manguier-c{\'e}cidomyie des fleurs pour une {\'e}valuation de modes de gestion du ravageur et de ses d{\'e}g{\^a}ts},
  author={Saint-Criq, Laurie},
  year={2018},
  school={Universit{\'e} Paul Sabatier}
}
